<record><leader>00000cas a22000007a 4500</leader><controlfield tag="001">11377921</controlfield><controlfield tag="008">841113c19089999scucr ne      0   a0eng d</controlfield><datafield ind1=" " ind2=" " tag="010"><subfield code="a">sn 84001807 </subfield></datafield><datafield ind1=" " ind2=" " tag="040"><subfield code="a">NSD</subfield><subfield code="b">eng</subfield><subfield code="c">NSD</subfield><subfield code="d">NPT</subfield><subfield code="d">NSD</subfield><subfield code="d">MGN</subfield><subfield code="d">SVN</subfield><subfield code="d">OCLCQ</subfield><subfield code="d">CUS</subfield><subfield code="d">CUI</subfield><subfield code="d">OCLCF</subfield></datafield><datafield ind1=" " ind2=" " tag="012"><subfield code="j">0</subfield><subfield code="m">1</subfield></datafield><datafield ind1="1" ind2=" " tag="022"><subfield code="a">8750-3972</subfield><subfield code="l">8750-3972</subfield><subfield code="2">1</subfield></datafield><datafield ind1="1" ind2=" " tag="029"><subfield code="a">AU@</subfield><subfield code="b">000020347741</subfield></datafield><datafield ind1=" " ind2=" " tag="032"><subfield code="a">236420</subfield><subfield code="b">USPS</subfield></datafield><datafield ind1=" " ind2=" " tag="037"><subfield code="b">Hartsville Messenger, 207 East Carolina Ave., Hartsville, SC 29550</subfield></datafield><datafield ind1=" " ind2=" " tag="042"><subfield code="a">nsdp</subfield></datafield><datafield ind1=" " ind2="4" tag="050"><subfield code="a">AN</subfield></datafield><datafield ind1="0" ind2=" " tag="130"><subfield code="a">Hartsville messenger (Hartsville, S.C. : 1908)</subfield></datafield><datafield ind1=" " ind2="4" tag="222"><subfield code="a">The Hartsville messenger</subfield></datafield><datafield ind1="1" ind2="0" tag="245"><subfield code="a">Hartsville messenger.</subfield></datafield><datafield ind1=" " ind2=" " tag="260"><subfield code="a">Hartsville, S.C. :</subfield><subfield code="b">Hartsville Pub. Co.</subfield></datafield><datafield ind1=" " ind2=" " tag="300"><subfield code="a">v. :</subfield><subfield code="b">ill. ;</subfield><subfield code="c">54 cm.</subfield></datafield><datafield ind1=" " ind2=" " tag="310"><subfield code="a">Semiweekly,</subfield><subfield code="b">Sept. 11, 1972 -</subfield></datafield><datafield ind1=" " ind2=" " tag="321"><subfield code="a">Weekly,</subfield><subfield code="b">1908 - Sept. 7, 1972</subfield></datafield><datafield ind1=" " ind2=" " tag="336"><subfield code="a">text</subfield><subfield code="b">txt</subfield><subfield code="2">rdacontent</subfield></datafield><datafield ind1=" " ind2=" " tag="337"><subfield code="a">unmediated</subfield><subfield code="b">n</subfield><subfield code="2">rdamedia</subfield></datafield><datafield ind1=" " ind2=" " tag="338"><subfield code="a">volume</subfield><subfield code="b">nc</subfield><subfield code="2">rdacarrier</subfield></datafield><datafield ind1="1" ind2=" " tag="362"><subfield code="a">Began in Jan. 1908?</subfield></datafield><datafield ind1=" " ind2=" " tag="588"><subfield code="a">Description based on: Vol. 15, no. 50 (Jan. 9, 1908).</subfield></datafield><datafield ind1=" " ind2="0" tag="651"><subfield code="a">Darlington County (S.C.)</subfield><subfield code="v">Newspapers.</subfield></datafield><datafield ind1=" " ind2="7" tag="655"><subfield code="a">Newspapers.</subfield><subfield code="2">fast</subfield><subfield code="0">(OCoLC)fst01423814</subfield></datafield><datafield ind1=" " ind2="7" tag="651"><subfield code="a">South Carolina</subfield><subfield code="z">Darlington County.</subfield><subfield code="2">fast</subfield><subfield code="0">(OCoLC)fst01217336</subfield></datafield><datafield ind1=" " ind2=" " tag="752"><subfield code="a">United States</subfield><subfield code="b">South Carolina</subfield><subfield code="c">Darlington</subfield><subfield code="d">Hartsville.</subfield></datafield><datafield ind1="0" ind2="8" tag="776"><subfield code="i">Online version:</subfield><subfield code="t">Hartsville messenger (Hartsville, S.C. : 1908)</subfield><subfield code="w">(DLC)sn 84001807</subfield><subfield code="w">(OCoLC)849810533</subfield></datafield><datafield ind1="0" ind2="0" tag="780"><subfield code="t">County messenger</subfield><subfield code="w">(DLC)sn 93059206</subfield></datafield><datafield ind1="4" ind2="1" tag="856"><subfield code="u">http://search.ebscohost.com/login.aspx?direct=true&amp;db=nfh&amp;jid=Messenger__The__Hartsville__SC_&amp;site=ehost-live</subfield></datafield></record>